<?xml version="1.0" encoding="UTF-8"?><collection xmlns="http://www.loc.gov/MARC21/slim"><record><leader>00420nam--2200157-i-4500</leader><controlfield tag="001">000037284</controlfield><controlfield tag="002">20161230</controlfield><controlfield tag="005">20170302230038</controlfield><controlfield tag="008">060222s1000------------r-----000-0-eng-d</controlfield><datafield ind1=" " ind2=" " tag="080"><subfield code="a">536.7(076):530.161(076)</subfield></datafield><datafield ind1=" " ind2=" " tag="245"><subfield code="a">Problems In Thermodynamics And Statistical Physics</subfield></datafield><datafield ind1=" " ind2=" " tag="260"><subfield code="a">London</subfield><subfield code="b">Pion Limited</subfield><subfield code="c">1971</subfield></datafield><datafield ind1=" " ind2=" " tag="300"><subfield code="a">VIII + 573 p</subfield></datafield><datafield ind1=" " ind2=" " tag="700"><subfield code="a">Landsberg, P. T</subfield></datafield><datafield ind1=" " ind2=" " tag="852"><subfield code="a">37337</subfield></datafield><datafield ind1=" " ind2=" " tag="CAT"><subfield code="a">SYS</subfield><subfield code="c">20170302</subfield><subfield code="h">230038</subfield></datafield></record></collection>